<record><leader>00000cas a22000007a 4500</leader><controlfield tag="001">17494795</controlfield><controlfield tag="008">880217d19261956njuwr ne      0    0eng d</controlfield><datafield ind1=" " ind2=" " tag="010"><subfield code="a">sn 88071053 </subfield></datafield><datafield ind1=" " ind2=" " tag="040"><subfield code="a">NPA</subfield><subfield code="b">eng</subfield><subfield code="c">NPA</subfield><subfield code="d">NJW</subfield><subfield code="d">OCLCQ</subfield></datafield><datafield ind1=" " ind2=" " tag="042"><subfield code="a">msc</subfield></datafield><datafield ind1="0" ind2="0" tag="245"><subfield code="a">Peapack-Gladstone exponent.</subfield></datafield><datafield ind1=" " ind2=" " tag="260"><subfield code="a">Borough of Peapack and Gladstone, N.J. :</subfield><subfield code="b">F.R. Shampanore</subfield></datafield><datafield ind1=" " ind2=" " tag="310"><subfield code="a">Weekly</subfield></datafield><datafield ind1="1" ind2=" " tag="362"><subfield code="a">Began with Aug. 12, 1926 issue; ceased in 1956?</subfield></datafield><datafield ind1=" " ind2=" " tag="500"><subfield code="a">"Published in the interests of Peapack-Gladstone, Far Hills, Bedminster and the near vicinities," &lt;1936-1950&gt;.</subfield></datafield><datafield ind1=" " ind2=" " tag="500"><subfield code="a">Although both Peapack and Gladstone have their own post offices, the corporate name for the borough is "Peapack and Gladstone."</subfield></datafield><datafield ind1=" " ind2=" " tag="588"><subfield code="a">Description based on: Vol. 31, no. 1 (Apr. 2, 1931).</subfield></datafield><datafield ind1=" " ind2=" " tag="752"><subfield code="a">United States</subfield><subfield code="b">New Jersey</subfield><subfield code="c">Somerset</subfield><subfield code="d">Peapack and Gladstone.</subfield></datafield><datafield ind1=" " ind2=" " tag="752"><subfield code="a">United States</subfield><subfield code="b">New Jersey</subfield><subfield code="c">Somerset</subfield><subfield code="d">Peapack.</subfield></datafield><datafield ind1=" " ind2=" " tag="752"><subfield code="a">United States</subfield><subfield code="b">New Jersey</subfield><subfield code="c">Somerset</subfield><subfield code="d">Gladstone.</subfield></datafield><datafield ind1=" " ind2=" " tag="752"><subfield code="a">United States</subfield><subfield code="b">New Jersey</subfield><subfield code="c">Somerset</subfield><subfield code="d">Far Hills.</subfield></datafield><datafield ind1=" " ind2=" " tag="752"><subfield code="a">United States</subfield><subfield code="b">New Jersey</subfield><subfield code="c">Somerset</subfield><subfield code="d">Bedminster.</subfield></datafield><datafield ind1="0" ind2="0" tag="780"><subfield code="t">Weekly exponent (Peapack and Gladstone, N.J. : 1900)</subfield><subfield code="w">(DLC)sn 88071052</subfield></datafield><datafield ind1="0" ind2="0" tag="785"><subfield code="t">Somerset Hills exponent</subfield><subfield code="w">(DLC)sn 91064018</subfield><subfield code="w">(OCoLC)24073537</subfield></datafield></record>